% Encoding: UTF-8
@article{haindl2012visual,
    title = {Visual Data Recognition and Modeling Based on Local Markovian Models},
    author = {Haindl, M.},
    journal = {Mathematical Methods for Signal and Image Analysis and Representation},
    pages = {241--259},
    year = {2012},
    publisher = {Springer}
}

@article{ganster2001automated,
    title = {Automated melanoma recognition},
    author = {Ganster, H. and Pinz, P. and Rohrer, R. and Wildling, E. and Binder, M. and Kittler, H.},
    journal = {Medical Imaging, IEEE Transactions on},
    volume = {20},
    number = {3},
    pages = {233--239},
    year = {2001},
    publisher = {IEEE}
}

@article{sigurdsson2004detection,
    title = {Detection of skin cancer by classification of Raman spectra},
    author = {Sigurdsson, S. and Philipsen, P.A. and Hansen, L.K. and Larsen, J. and Gniadecka, M. and Wulf, H.C.},
    journal = {Biomedical Engineering, IEEE Transactions on},
    volume = {51},
    number = {10},
    pages = {1784--1793},
    year = {2004},
    publisher = {IEEE}
}

@article{xu1999segmentation,
    title = {Segmentation of skin cancer images},
    author = {Xu, L. and Jackowski, M. and Goshtasby, A. and Roseman, D. and Bines, S. and Yu, C. and Dhawan, A. and Huntley, A.},
    journal = {Image and Vision Computing},
    volume = {17},
    number = {1},
    pages = {65--74},
    year = {1999},
    publisher = {Elsevier}
}


@article{tang2009multi,
    title = {A multi-direction GVF snake for the segmentation of skin cancer images},
    author = {Tang, J.},
    journal = {Pattern Recognition},
    volume = {42},
    number = {6},
    pages = {1172--1179},
    year = {2009},
    publisher = {Elsevier}
}

@article{iyatomi2006quantitative,
    title = {Quantitative assessment of tumour extraction from dermoscopy images and evaluation of computer-based extraction methods for an automatic melanoma diagnostic system},
    author = {Iyatomi, H. and Oka, H. and Saito, M. and Miyake, A. and Kimoto, M. and Yamagami, J. and Kobayashi, S. and Tanikawa, A. and Hagiwara, M. and Ogawa, K. and others},
    journal = {Melanoma Research},
    volume = {16},
    number = {2},
    pages = {183},
    year = {2006}
}


@article{celebi2008automatic,
    title = {Automatic detection of blue-white veil and related structures in dermoscopy images},
    author = {Celebi, M.E. and Iyatomi, H. and Stoecker, W.V. and Moss, R.H. and Rabinovitz, H.S. and Argenziano, G. and Soyer, H.P.},
    journal = {Computerized Medical Imaging and Graphics},
    volume = {32},
    number = {8},
    pages = {670--677},
    year = {2008},
    publisher = {Elsevier}
}

@inproceedings{taouil2006new,
    title = {A new automatic approach for edge detection of skin lesion images},
    author = {Taouil, K. and Ben Romdhane, N. and Bouhlel, M.S.},
    booktitle = {Information and Communication Technologies, 2006. ICTTA'06. 2nd},
    volume = {1},
    pages = {212--220},
    year = {2006},
    organization = {IEEE}
}

@inproceedings{taouil2006automatic,
    title = {Automatic segmentation and classification of skin lesion images},
    author = {Taouil, K. and Romdhane, N.B.},
    booktitle = {Distributed Frameworks for Multimedia Applications, 2006. The 2nd International Conference on},
    pages = {1--12},
    year = {2006},
    organization = {IEEE}
}

@article{celebi2007methodological,
    title = {A methodological approach to the classification of dermoscopy images},
    author = {Celebi, M.E. and Kingravi, H.A. and Uddin, B. and Iyatomi, H. and Aslandogan, Y.A. and Stoecker, W.V. and Moss, R.H.},
    journal = {Computerized Medical Imaging and Graphics},
    volume = {31},
    number = {6},
    pages = {362--373},
    year = {2007},
    publisher = {Elsevier}
}

@article{zagrouba2004prelimary,
    title = {A prelimary approach for the automated recognition of malignant melanoma},
    author = {Zagrouba, E. and Barhoumi, W.},
    journal = {Image Analysis and Stereology Journal},
    volume = {23},
    number = {2},
    pages = {121--135},
    year = {2004}
}

@article{schindewolf1994evaluation,
    title = {Evaluation of different image acquisition techniques for a computer vision system in the diagnosis of malignant melanoma},
    author = {Schindewolf, T. and Schiffner, R. and Stolz, W. and Albert, R. and Abmayr, W. and Harms, H.},
    journal = {Journal of the American Academy of Dermatology},
    volume = {31},
    number = {1},
    pages = {33--41},
    year = {1994},
    publisher = {Elsevier}
}

@article{hance1996unsupervised,
    title = {Unsupervised color image segmentation: with application to skin tumor borders},
    author = {Hance, G.A. and Umbaugh, S.E. and Moss, R.H. and Stoecker, W.V.},
    journal = {Engineering in Medicine and Biology Magazine, IEEE},
    volume = {15},
    number = {1},
    pages = {104--111},
    year = {1996},
    publisher = {IEEE}
}

@article{binder1994application,
    title = {Application of an artificial neural network in epiluminescence microscopy pattern analysis of pigmented skin lesions: a pilot study},
    author = {Binder, M. and Steiner, A. and Schwarz, M. and Knollmayer, S. and Wolff, K. and Pehamberger, H.},
    journal = {British Journal of Dermatology},
    volume = {130},
    number = {4},
    pages = {460--465},
    year = {1994},
    publisher = {Wiley Online Library}
}

@article{pariser1987primary,
    title = {Primary care physicians’ errors in handling cutaneous disorders: a prospective survey},
    author = {Pariser, R.J. and Pariser, D.M.},
    journal = {Journal of the American Academy of Dermatology},
    volume = {17},
    number = {2},
    pages = {239--245},
    year = {1987},
    publisher = {Elsevier}
}

@article{anantha2004detection,
    title = {Detection of pigment network in dermatoscopy images using texture analysis},
    author = {Anantha, M. and Moss, R.H. and Stoecker, W.V.},
    journal = {Computerized Medical Imaging and Graphics},
    volume = {28},
    number = {5},
    pages = {225--234},
    year = {2004},
    publisher = {Elsevier}
}

@article{elbaum2001automatic,
    title = {Automatic differentiation of melanoma from melanocytic nevi with multispectral digital dermoscopy: a feasibility study},
    author = {Elbaum, M. and Kopf, A.W. and Rabinovitz, H.S. and Langley, R.G.B. and Kamino, H. and Mihm, M.C. and Sober, A.J. and Peck, G.L. and Bogdan, A. and Gutkowicz-Krusin, D. and others},
    journal = {Journal of the American Academy of Dermatology},
    volume = {44},
    number = {2},
    pages = {207--218},
    year = {2001},
    publisher = {Elsevier}
}

@inproceedings{surowka2007different,
    title = {Different learning paradigms for the classification of melanoid skin lesions using wavelets},
    author = {Surowka, G. and Grzesiak-Kopec, K.},
    booktitle = {Engineering in Medicine and Biology Society, 2007. EMBS 2007. 29th Annual International Conference of the IEEE},
    pages = {3136--3139},
    year = {2007},
    organization = {IEEE}
}

@inproceedings{yuan2006svm,
    title = {SVM-based texture classification and application to early melanoma detection},
    author = {Yuan, X. and Yang, Z. and Zouridakis, G. and Mullani, N.},
    booktitle = {Engineering in Medicine and Biology Society, 2006. EMBS'06. 28th Annual International Conference of the IEEE},
    pages = {4775--4778},
    year = {2006},
    organization = {IEEE}
}

@article{rubegni2002automated,
    title = {Automated diagnosis of pigmented skin lesions},
    author = {Rubegni, P. and Cevenini, G. and Burroni, M. and Perotti, R. and Dell'Eva, G. and Sbano, P. and Miracco, C. and Luzi, P. and Tosi, P. and Barbini, P. and others},
    journal = {International journal of cancer},
    volume = {101},
    number = {6},
    pages = {576--580},
    year = {2002},
    publisher = {Wiley Online Library}
}

@article{burroni2005dysplastic,
    title = {Dysplastic naevus vs. in situ melanoma: digital dermoscopy analysis},
    author = {Burroni, M. and Sbano, P. and Cevenini, G. and Risulo, M. and Dell'Eva, G. and Barbini, P. and Miracco, C. and Fimiani, M. and Andreassi, L. and Rubegni, P.},
    journal = {British Journal of Dermatology},
    volume = {152},
    number = {4},
    pages = {679--684},
    year = {2005},
    publisher = {Wiley Online Library}
}

@article{blum2004digital,
    title = {Digital image analysis for diagnosis of cutaneous melanoma. Development of a highly effective computer algorithm based on analysis of 837 melanocytic lesions},
    author = {Blum, A. and Luedtke, H. and Ellwanger, U. and Schwabe, R. and Rassner, G. and Garbe, C.},
    journal = {British Journal of Dermatology},
    volume = {151},
    number = {5},
    pages = {1029--1038},
    year = {2004},
    publisher = {Wiley Online Library}
}

@inproceedings{ali2012systematic,
    title = {A Systematic Review of Automated Melanoma Detection in Dermatoscopic Images and its Ground Truth Data},
    author = {Ali, A.R.A. and Deserno, T.M.},
    booktitle = {Proceedings of SPIE},
    volume = {8318},
    pages = {83181I},
    year = {2012}
}

@inproceedings{ramlakhan2011mobile,
    title = {A Mobile Automated Skin Lesion Classification System},
    author = {Ramlakhan, K. and Shang, Y.},
    booktitle = {Tools with Artificial Intelligence (ICTAI), 2011 23rd IEEE International Conference on},
    pages = {138--141},
    year = {2011},
    organization = {IEEE}
}

@article{capdehourat2011toward,
    title = {Toward a combined tool to assist dermatologists in melanoma detection from dermoscopic images of pigmented skin lesions},
    author = {Capdehourat, G. and Corez, A. and Bazzano, A. and Alonso, R. and Mus{\'e}, P.},
    journal = {Pattern Recognition Letters},
    year = {2011},
    publisher = {Elsevier}
}

@article{faal2012improving,
    title = {Improving the diagnostic accuracy of dysplastic and melanoma lesions using the decision template combination method},
    author = {Faal, M. and Baygi, M. and Hossein, M. and Kabir, E.},
    journal = {Skin Research and Technology},
    year = {2012},
    publisher = {Wiley Online Library}
}

@article{ruiz2011decision,
    title = {A decision support system for the diagnosis of melanoma: A comparative approach},
    author = {Ruiz, D. and Berenguer, V. and Soriano, A. and S{\'a}nchez, B.},
    journal = {Expert Systems with Applications},
    year = {2011},
    publisher = {Elsevier}
}

@article{gola2011melanomas,
    title = {Melanomas non-invasive diagnosis application based on the ABCD rule and pattern recognition image processing algorithms},
    author = {Gola Isasi, A. and Garc{\'\i} a Zapirain, B. and M{\'e}ndez Zorrilla, A.},
    journal = {Computers in Biology and Medicine},
    year = {2011},
    publisher = {Elsevier}
}

@article{mabrouk2012automatic,
    title = {Automatic Detection of Melanoma Skin Cancer using Texture Analysis},
    author = {Mabrouk, M.S. and Sheha, M.A. and Sharawy, A.},
    journal = {International Journal of Computer Applications},
    volume = {42},
    number = {20},
    pages = {22--26},
    year = {2012},
    publisher = {Foundation of Computer Science (FCS)}
}

@inproceedings{hoshyar2011review,
    title = {Review on automatic early skin cancer detection},
    author = {Hoshyar, A.N. and Al-Jumaily, A. and Sulaiman, R.},
    booktitle = {Computer Science and Service System (CSSS), 2011 International Conference on},
    pages = {4036--4039},
    year = {2011},
    organization = {IEEE}
}

@article{cudek2012image,
    title = {Image Recognition System for Diagnosis Support of Melanoma Skin Lesion},
    author = {Cudek, P. and Paja, W. and Wrzesie{\'n}, M.},
    journal = {Security and Intelligent Information Systems},
    pages = {217--225},
    year = {2012},
    publisher = {Springer}
}

@article{hoffmann2003diagnostic,
    title = {Diagnostic and neural analysis of skin cancer (DANAOS). A multicentre study for collection and computer-aided analysis of data from pigmented skin lesions using digital dermoscopy},
    author = {Hoffmann, K. and Gambichler, T. and Rick, A. and Kreutz, M. and Anschuetz, M. and Gr{\"u}nendick, T. and Orlikov, A. and Gehlen, S. and Perotti, R. and Andreassi, L. and others},
    journal = {British Journal of Dermatology},
    volume = {149},
    number = {4},
    pages = {801--809},
    year = {2003},
    publisher = {Wiley Online Library}
}

@article{maglogiannis2009overview,
    title = {Overview of advanced computer vision systems for skin lesions characterization},
    author = {Maglogiannis, I. and Doukas, C.N.},
    journal = {Information Technology in Biomedicine, IEEE Transactions on},
    volume = {13},
    number = {5},
    pages = {721--733},
    year = {2009},
    publisher = {IEEE}
}

@article{dreiseitl2001comparison,
    title = {A comparison of machine learning methods for the diagnosis of pigmented skin lesions},
    author = {Dreiseitl, S. and Ohno-Machado, L. and Kittler, H. and Vinterbo, S. and Billhardt, H. and Binder, M.},
    journal = {Journal of Biomedical Informatics},
    volume = {34},
    number = {1},
    pages = {28--36},
    year = {2001},
    publisher = {Elsevier}
}

@inproceedings{dreiseitl2007applying,
    title = {Applying a decision support system in clinical practice: Results from melanoma diagnosis},
    author = {Dreiseitl, S. and Binder, M. and Vinterbo, S. and Kittler, H.},
    booktitle = {AMIA Annual Symposium Proceedings},
    volume = {2007},
    pages = {191},
    year = {2007},
    organization = {American Medical Informatics Association}
}

@article{tsao1998estimate,
    title = {An estimate of the annual direct cost of treating cutaneous melanoma},
    author = {Tsao, H. and Rogers, G.S. and Sober, A.J.},
    journal = {Journal of the American Academy of Dermatology},
    volume = {38},
    number = {5},
    pages = {669--680},
    year = {1998},
    publisher = {Elsevier}
}

@inproceedings{di2010automatic,
    title = {Automatic Diagnosis of Melanoma: A Software System Based on the 7-Point Check-List},
    author = {Di Leo, G. and Paolillo, A. and Sommella, P. and Fabbrocini, G.},
    booktitle = {System Sciences (HICSS), 2010 43rd Hawaii International Conference on},
    pages = {1--10},
    year = {2010},
    organization = {IEEE}
}

@article{cascinelli1987possible,
    title = {A possible new tool for clinical diagnosis of melanoma: the computer},
    author = {Cascinelli, N. and Ferrario, M. and Tonelli, T. and Leo, E.},
    journal = {Journal of the American Academy of Dermatology},
    volume = {16},
    number = {2},
    pages = {361--367},
    year = {1987},
    publisher = {Elsevier}
}

@article{kittler2002diagnostic,
    title = {Diagnostic accuracy of dermoscopy},
    author = {Kittler, H. and Pehamberger, H. and Wolff, K. and Binder, M.},
    journal = {The lancet oncology},
    volume = {3},
    number = {3},
    pages = {159--165},
    year = {2002},
    publisher = {Elsevier}
}

@article{carli2000dermatoscopy,
    title = {Dermatoscopy in the diagnosis of pigmented skin lesions: a new semiology for the dermatologist},
    author = {Carli, P. and De Giorgi, V. and Soyer, HP and Stante, M. and Mannone, F. and Giannotti, B.},
    journal = {Journal of the European Academy of Dermatology and Venereology},
    volume = {14},
    number = {5},
    pages = {353--369},
    year = {2000},
    publisher = {Wiley Online Library}
}

@article{argenziano2001dermoscopy,
    title = {Dermoscopy of pigmented skin lesions - a valuable tool for early diagnosis of melanoma},
    author = {Argenziano, G. and Soyer, H.P.},
    journal = {The lancet oncology},
    volume = {2},
    number = {7},
    pages = {443--449},
    year = {2001},
    publisher = {Elsevier}
}

@article{binder1995epiluminescence,
    title = {Epiluminescence microscopy: a useful tool for the diagnosis of pigmented skin lesions for formally trained dermatologists},
    author = {Binder, M. and Schwarz, M. and Winkler, A. and Steiner, A. and Kaider, A. and Wolff, K. and Pehamberger, H.},
    journal = {Archives of dermatology},
    volume = {131},
    number = {3},
    pages = {286},
    year = {1995},
    publisher = {Am Med Assoc}
}

@article{hwang2007cisplatin,
    title = {Cisplatin encapsulated in phosphatidylethanolamine liposomes enhances the in vitro cytotoxicity and in vivo intratumor drug accumulation against melanomas},
    author = {Hwang, T.L. and Lee, W.R. and Hua, S.C. and Fang, J.Y.},
    journal = {Journal of dermatological science},
    volume = {46},
    number = {1},
    pages = {11--20},
    year = {2007},
    publisher = {Elsevier}
}

@article{singh2001evaluation,
    title = {An evaluation of Polaroid photographic imaging for cutaneous-lesion referrals to an outpatient clinic: a pilot study},
    author = {Singh, S. and Stevenson, JH and McGurty, D.},
    journal = {British journal of plastic surgery},
    volume = {54},
    number = {2},
    pages = {140--143},
    year = {2001},
    publisher = {Elsevier}
}

@article{maglogiannis2003system,
    title = {A system for the acquisition of reproducible digital skin lesions images},
    author = {Maglogiannis, I. and Kosmopoulos, D.I.},
    journal = {Technology and Health Care-European Society for Engineering and Medicine},
    volume = {11},
    number = {6},
    pages = {425--442},
    year = {2003},
    publisher = {IOS Press}
}

@article{gutenev2001acquisition,
    title = {Acquisition-time image quality control in digital dermatoscopy of skin lesions},
    author = {Gutenev, A. and Skladnev, VN and Varvel, D.},
    journal = {Computerized medical imaging and graphics},
    volume = {25},
    number = {6},
    pages = {495--499},
    year = {2001},
    publisher = {Elsevier}
}



@article{solomon2004computer,
    title = {Computer-assisted detection of subcutaneous melanomas: feasibility assessment1},
    author = {Solomon, J. and Mavinkurve, S. and Cox, D. and Summers, R.M.},
    journal = {Academic radiology},
    volume = {11},
    number = {6},
    pages = {678--685},
    year = {2004},
    publisher = {Elsevier}
}

@article{k20053d,
    title = {3D MRI-based tumor delineation of ocular melanoma and its comparison with conventional techniques},
    author = {k Daftari, I. and Aghaian, E. and O’Brien, J.M. and Dillon, W. and Phillips, T.L.},
    journal = {Medical physics},
    volume = {32},
    pages = {3355},
    year = {2005}
}

@article{pleiss2007role,
    title = {Role of FDG-PET in the assessment of survival prognosis in melanoma},
    author = {Pleiss, C. and Risse, J.H. and Biersack, H.J. and Bender, H.},
    journal = {Cancer biotherapy \& radiopharmaceuticals},
    volume = {22},
    number = {6},
    pages = {740--747},
    year = {2007},
    publisher = {Mary Ann Liebert, Inc. 2 Madison Avenue Larchmont, NY 10538 USA}
}

@article{aberg2004skin,
    title = {Skin cancer identification using multifrequency electrical impedance-a potential screening tool},
    author = {Aberg, P. and Nicander, I. and Hansson, J. and Geladi, P. and Holmgren, U. and Ollmar, S.},
    journal = {Biomedical Engineering, IEEE Transactions on},
    volume = {51},
    number = {12},
    pages = {2097--2102},
    year = {2004},
    publisher = {IEEE}
}

@article{chwirot1998detection,
    title = {Detection of melanomas by digital imaging of spectrally resolved ultraviolet light-induced autofluorescence of human skin},
    author = {Chwirot, BW and Chwirot, S. and Redzi{\'n}ski, J. and Michniewicz, Z.},
    journal = {European Journal of Cancer},
    volume = {34},
    number = {11},
    pages = {1730--1734},
    year = {1998},
    publisher = {Elsevier}
}

@article{grana2003new,
    title = {A new algorithm for border description of polarized light surface microscopic images of pigmented skin lesions},
    author = {Grana, C. and Pellacani, G. and Cucchiara, R. and Seidenari, S.},
    journal = {Medical Imaging, IEEE Transactions on},
    volume = {22},
    number = {8},
    pages = {959--964},
    year = {2003},
    publisher = {IEEE}
}

@article{bono1999abcd,
    title = {The ABCD system of melanoma detection},
    author = {Bono, A. and Tomatis, S. and Bartoli, C. and Tragni, G. and Radaelli, G. and Maurichi, A. and Marchesini, R.},
    journal = {Cancer},
    volume = {85},
    number = {1},
    pages = {72--77},
    year = {1999},
    publisher = {Wiley Online Library}
}

@article{maglogiannis2005integrated,
    title = {An integrated computer supported acquisition, handling, and characterization system for pigmented skin lesions in dermatological images},
    author = {Maglogiannis, I. and Pavlopoulos, S. and Koutsouris, D.},
    journal = {Information Technology in Biomedicine, IEEE Transactions on},
    volume = {9},
    number = {1},
    pages = {86--98},
    year = {2005},
    publisher = {IEEE}
}


@inproceedings{zouridakis2004early,
    title = {Early diagnosis of skin cancer based on segmentation and measurement of vascularization and pigmentation in nevoscope images},
    author = {Zouridakis, G. and Doshi, M. and Mullani, N.},
    booktitle = {Engineering in Medicine and Biology Society, 2004. IEMBS'04. 26th Annual International Conference of the IEEE},
    volume = {1},
    pages = {1593--1596},
    year = {2004},
    organization = {IEEE}
}

@article{haindl2004model,
    title = {Model-based texture segmentation},
    author = {Haindl, M. and Mike{\v{s}}, S.},
    journal = {Image Analysis and Recognition},
    pages = {306--313},
    year = {2004},
    publisher = {Springer}
}

@article{manjunath1991unsupervised,
    title = {Unsupervised texture segmentation using Markov random field models},
    author = {Manjunath, BS and Chellappa, R.},
    journal = {IEEE Transactions on Pattern Analysis and Machine Intelligence},
    volume = {13},
    number = {5},
    pages = {478--482},
    year = {1991}
}

@article{panjwani1995markov,
    title = {Markov random field models for unsupervised segmentation of textured color images},
    author = {Panjwani, D.K. and Healey, G.},
    journal = {Pattern Analysis and Machine Intelligence, IEEE Transactions on},
    volume = {17},
    number = {10},
    pages = {939--954},
    year = {1995},
    publisher = {IEEE}
}

@article{kato2006markov,
    title = {A Markov random field image segmentation model for color textured images},
    author = {Kato, Z. and Pong, T.C.},
    journal = {Image and Vision Computing},
    volume = {24},
    number = {10},
    pages = {1103--1114},
    year = {2006},
    publisher = {Elsevier}
}

@article{andrey1998unsupervised,
    title = {Unsupervised segmentation of Markov random field modeled textured images using selectionist relaxation},
    author = {Andrey, P. and Tarroux, P.},
    journal = {Pattern Analysis and Machine Intelligence, IEEE Transactions on},
    volume = {20},
    number = {3},
    pages = {252--262},
    year = {1998},
    publisher = {IEEE}
}

@inproceedings{fischer1996analysis,
    title = {Analysis of skin lesions with pigmented networks},
    author = {Fischer, S. and Schmid, P. and Guillod, J.},
    booktitle = {Image Processing, 1996. Proceedings., International Conference on},
    volume = {1},
    pages = {323--326},
    year = {1996},
    organization = {IEEE}
}

@book{witten2011data,
    title = {Data Mining: Practical machine learning tools and techniques},
    author = {Witten, I.H. and Frank, E. and Hall, M.A.},
    year = {2011},
    publisher = {Morgan Kaufmann}
}

@inproceedings{rahman2008multiple,
    title = {A multiple expert-based melanoma recognition system for dermoscopic images of pigmented skin lesions},
    author = {Rahman, M.M. and Bhattacharya, P. and Desai, B.C.},
    booktitle = {BioInformatics and BioEngineering, 2008. BIBE 2008. 8th IEEE International Conference on},
    pages = {1--6},
    year = {2008},
    organization = {IEEE}
}

@misc{csu2011zemreli,
    title = {Zemřelí podle seznamu příčin smrti, pohlaví a věku v {ČR} , krajích a okresech 2001 až 2010},
    year = {2011},
    publisher = {Český statistický úřad},
    note = {Český statistický úřad}
}


@misc{uzis2009novotvary,
    title = {Novotvary 2009 {ČR}},
    year = {2009},
    publisher = {Ústav zdravotnických informací a statistiky ČR},
    howpublished = {Ústav zdravotnických informací a statistiky ČR}
}

@Article{Haindl2012,
    author = {Haindl, M.},
    title = {Visual Data Recognition and Modeling Based on Local Markovian Models},
    journal = {Mathematical Methods for Signal and Image Analysis and Representation},
    year = {2012},
    pages = {241--259},
    publisher = {Springer},
}

@article{binder2000computer,
    title = {Computer-aided epiluminescence microscopy of pigmented skin lesions: the value of clinical data for the classification process},
    author = {Binder, M. and Kittler, H. and Dreiseitl, S. and Ganster, H. and Wolff, K. and Pehamberger, H.},
    journal = {Melanoma research},
    volume = {10},
    number = {6},
    pages = {556},
    year = {2000}
}

@inproceedings{rohrer1998feature,
    title = {Feature selection in melanoma recognition},
    author = {Rohrer, R. and Ganster, H. and Pinz, A. and Binder, M.},
    booktitle = {Pattern Recognition, 1998. Proceedings. Fourteenth International Conference on},
    volume = {2},
    pages = {1668--1670},
    year = {1998},
    organization = {IEEE}
}

@article{zhu1996region,
    title = {Region competition: Unifying snakes, region growing, and Bayes/MDL for multiband image segmentation},
    author = {Zhu, S.C. and Yuille, A.},
    journal = {Pattern Analysis and Machine Intelligence, IEEE Transactions on},
    volume = {18},
    number = {9},
    pages = {884--900},
    year = {1996},
    publisher = {IEEE}
}

@article{reed1993review,
    title = {A review of recent texture segmentation and feature extraction techniques},
    author = {Reed, T.R. and Dubuf, J.M.H.},
    journal = {CVGIP: Image understanding},
    volume = {57},
    number = {3},
    pages = {359--372},
    year = {1993},
    publisher = {Elsevier}
}

@article{pham2000current,
    title = {Current Methods in Medical Image Segmentation 1},
    author = {Pham, D.L. and Xu, C. and Prince, J.L.},
    journal = {Annual review of biomedical engineering},
    volume = {2},
    number = {1},
    pages = {315--337},
    year = {2000},
    publisher = {Annual Reviews 4139 El Camino Way, PO Box 10139, Palo Alto, CA 94303-0139, USA}
}

@article{celebi2009lesion,
    title = {Lesion border detection in dermoscopy images},
    author = {Celebi, M.E. and Iyatomi, H. and Schaefer, G. and Stoecker, W.V.},
    journal = {Computerized Medical Imaging and Graphics},
    volume = {33},
    number = {2},
    pages = {148--153},
    year = {2009},
    publisher = {Elsevier}
}

@article{lee1997dullrazor,
    title = {Dullrazor{\textregistered} : A software approach to hair removal from images},
    author = {Lee, T. and Ng, V. and Gallagher, R. and Coldman, A. and McLean, D.},
    journal = {Computers in Biology and Medicine},
    volume = {27},
    number = {6},
    pages = {533--543},
    year = {1997},
    publisher = {Elsevier}
}

@article{huang1979fast,
    title = {A fast two-dimensional median filtering algorithm},
    author = {Huang, T. and Yang, G. and Tang, G.},
    journal = {Acoustics, Speech and Signal Processing, IEEE Transactions on},
    volume = {27},
    number = {1},
    pages = {13--18},
    year = {1979},
    publisher = {IEEE}
}

@article{papamarkos2002adaptive,
    title = {Adaptive color reduction},
    author = {Papamarkos, N. and Atsalakis, A.E. and Strouthopoulos, C.P.},
    journal = {Systems, Man, and Cybernetics, Part B: Cybernetics, IEEE Transactions on},
    volume = {32},
    number = {1},
    pages = {44--56},
    year = {2002},
    publisher = {IEEE}
}

@article{abdi2010principal,
    title = {Principal component analysis},
    author = {Abdi, H. and Williams, L.J.},
    journal = {Wiley Interdisciplinary Reviews: Computational Statistics},
    volume = {2},
    number = {4},
    pages = {433--459},
    year = {2010},
    publisher = {Wiley Online Library}
}

@article{pudil1994floating,
    title = {Floating search methods in feature selection},
    author = {Pudil, P. and Novovi{\v{c}}ov{\'a}, J. and Kittler, J.},
    journal = {Pattern recognition letters},
    volume = {15},
    number = {11},
    pages = {1119--1125},
    year = {1994},
    publisher = {Elsevier}
}

@inproceedings{haindl2006unsupervised,
    title = {Unsupervised texture segmentation using multispectral modelling approach},
    author = {Haindl, M. and Mikes, S.},
    booktitle = {Pattern Recognition, 2006. ICPR 2006. 18th International Conference on},
    volume = {2},
    pages = {203--206},
    year = {2006},
    organization = {Ieee}
}

@article{drat2012vyhodnocovani,
    title = {Vyhodnocování screeningových mamogramů pomocí
lokálního statistického modelu},
    author = {Komínek, P.},
    journal = {Diplomová práce, ČVUT FJFI},
    year = {2012},
    publisher = {ČVUT FJFI}
}

@article{haralick1973textural,
    title = {Textural features for image classification},
    author = {Haralick, R.M. and Shanmugam, K. and Dinstein, I.H.},
    journal = {Systems, Man and Cybernetics, IEEE Transactions on},
    number = {6},
    pages = {610--621},
    year = {1973},
    publisher = {IEEE}
}

@article{eleyan2011co,
    title = {Co-occurrence matrix and its statistical features as a new approach for face recognition},
    author = {ELEYAN, A. and DEMIREL, H.},
    journal = {Turkish Journal of Electrical Engineering \& Computer Sciences},
    volume = {19},
    pages = {97--107},
    year = {2011}
}

@article{dreiseitl2009computer,
    title = {Computer versus human diagnosis of melanoma: evaluation of the feasibility of an automated diagnostic system in a prospective clinical trial},
    author = {Dreiseitl, S. and Binder, M. and Hable, K. and Kittler, H.},
    journal = {Melanoma research},
    volume = {19},
    number = {3},
    pages = {180--184},
    year = {2009},
    publisher = {LWW}
}



@article{nachbar1994abcd,
    title = {The ABCD rule of dermatoscopy: high prospective value in the diagnosis of doubtful melanocytic skin lesions},
    author = {Nachbar, F. and Stolz, W. and Merkle, T. and Cognetta, A.B. and Vogt, T. and Landthaler, M. and Bilek, P. and Braun-Falco, O. and Plewig, G.},
    journal = {Journal of the American Academy of Dermatology},
    volume = {30},
    number = {4},
    pages = {551--559},
    year = {1994},
    publisher = {Elsevier}
}

@article{xu1998snakes,
    title = {Snakes, shapes, and gradient vector flow},
    author = {Xu, C. and Prince, J.L.},
    journal = {Image Processing, IEEE Transactions on},
    volume = {7},
    number = {3},
    pages = {359--369},
    year = {1998},
    publisher = {IEEE}
}



@article{wang2006method,
    title = {A Method for Edge Detection of IVUS Images},
    author = {Wang, Xiaojing and Sun, Fengrong and Qu, Huaijing and Mei, Liangmo and Zhao, Dazhe and Liu, Jiren},
    journal = {Journal of System Simulation},
    volume = {18},
    number = {7},
    pages = {1999--2045},
    year = {2006}
}

@article{reddick1997automated,
    title = {Automated segmentation and classification of multispectral magnetic resonance images of brain using artificial neural networks},
    author = {Reddick, Wilburn E and Glass, John O and Cook, Edwin N and Elkin, T David and Deaton, Russell J},
    journal = {Medical Imaging, IEEE Transactions on},
    volume = {16},
    number = {6},
    pages = {911--918},
    year = {1997},
    publisher = {IEEE}
}

@book{mohri2012foundations,
    title = {Foundations of machine learning},
    author = {Mohri, Mehryar and Rostamizadeh, Afshin and Talwalkar, Ameet},
    year = {2012},
    publisher = {The MIT Press}
}

@book{duda2012pattern,
    title = {Pattern classification},
    author = {Duda, Richard O and Hart, Peter E and Stork, David G},
    year = {2012},
    publisher = {John Wiley \& Sons}
}

@Article{Panjwani1995,
    author = {Panjwani, Dileep Kumar and Healey, Glenn},
    title = {Markov random field models for unsupervised segmentation of textured color images},
    journal = {Pattern Analysis and Machine Intelligence, IEEE Transactions on},
    year = {1995},
    volume = {17},
    number = {10},
    pages = {939--954},
    publisher = {IEEE},
}

@article{ortner2003image,
    title = {Image Segmentation of Lesions in Computer-based Diagnosis of Melanoma},
    author = {Ortner, S. A.},
    journal = {Master's thesis, Hagenberg Upper Austrian University of Applied Science},
    year = {2003},
    publisher = {Hagenberg Upper Austrian University of Applied Science}
}

@article{pellacani1999digital,
    title = {Digital videomicroscopy with image analysis and automatic classification as an aid for diagnosis of Spitz nevus},
    author = {Pellacani, Giovanni and Martini, Mia and Seidenari, Stefania},
    journal = {Skin Research and Technology},
    volume = {5},
    number = {4},
    pages = {266--272},
    year = {1999},
    publisher = {Wiley Online Library}
}

@article{daftari20053d,
    title = {3D MRI-based tumor delineation of ocular melanoma and its comparison with conventional techniques},
    author = {Daftari, Inder K and Aghaian, Elsa and O'Brien, Joan M and Dillon, William and Phillips, Theodore L},
    journal = {Medical physics},
    volume = {32},
    pages = {3355},
    year = {2005}
}

@article{pratt1984digital,
    title = {Digital Image Processing: PIKS Scientific Inside},
    author = {Pratt, William K},
    journal = {Communications of the ACM},
    volume = {27},
    number = {3},
    pages = {236--239},
    year = {1984}
}

@article{schmid1999segmentation,
    title = {Segmentation of digitized dermatoscopic images by two-dimensional color clustering},
    author = {Schmid, Philippe},
    journal = {Medical Imaging, IEEE Transactions on},
    volume = {18},
    number = {2},
    pages = {164--171},
    year = {1999},
    publisher = {IEEE}
}

@article{schmid2003towards,
    title = {Towards a computer-aided diagnosis system for pigmented skin lesions},
    author = {Schmid-Saugeona, Philippe and Guillodb, Jo{\"e}l and Thirana, Jean-Philippe},
    journal = {Computerized Medical Imaging and Graphics},
    volume = {27},
    number = {1},
    pages = {65--78},
    year = {2003},
    publisher = {Elsevier}
}

@article{abbas2011hair,
    title = {Hair removal methods: a comparative study for dermoscopy images},
    author = {Abbas, Qaisar and Celebi, ME and Garc{\'\i}a, Irene Fond{\'o} n},
    journal = {Biomedical Signal Processing and Control},
    volume = {6},
    number = {4},
    pages = {395--404},
    year = {2011},
    publisher = {Elsevier}
}

@article{liu2001shape,
    title = {A shape-and texture-based enhanced Fisher classifier for face recognition},
    author = {Liu, Chengjun and Wechsler, Harry},
    journal = {Image Processing, IEEE Transactions on},
    volume = {10},
    number = {4},
    pages = {598--608},
    year = {2001},
    publisher = {IEEE}
}

@article{schulte2001malignant,
    title = {Malignant melanoma: epidemiological data from the D{\"u}sseldorf area].},
    author = {Schulte, KW and Rief, P and Franke, W and Ruzicka, T},
    journal = {Praxis},
    volume = {90},
    number = {8},
    pages = {293},
    year = {2001}
}

@article{kittler2001ten,
    title = {A ten-year analysis of demographic trends for cutaneous melanoma: analysis of 2501 cases treated at the University Department of Dermatology in Vienna (1990-1999).},
    author = {Kittler, H and Binder, M and Wolff, K and Pehamberger, H},
    journal = {Wiener klinische Wochenschrift},
    volume = {113},
    number = {9},
    pages = {321--327},
    year = {2001}
}

@article{jemal2001recent,
    title = {Recent trends in cutaneous melanoma incidence among whites in the United States},
    author = {Jemal, Ahmedin and Devesa, Susan S and Hartge, Patricia and Tucker, Margaret A},
    journal = {Journal of the National Cancer Institute},
    volume = {93},
    number = {9},
    pages = {678--683},
    year = {2001},
    publisher = {Oxford University Press}
}

@article{bittner2000molecular,
    title = {Molecular classification of cutaneous malignant melanoma by gene expression profiling},
    author = {Bittner, Meltzer and Meltzer, P and Chen, Y and Jiang, Y and Seftor, E and Hendrix, M and Radmacher, M and Simon, Rm and Yakhini, Z and Ben-Dor, A and others},
    journal = {Nature},
    volume = {406},
    number = {6795},
    pages = {536--540},
    year = {2000},
    publisher = {Nature Publishing Group}
}

@book{grinstead1998introduction,
    title = {Introduction to probability},
    author = {Grinstead, Charles Miller and Snell, James Laurie},
    year = {1998},
    publisher = {American Mathematical Soc.}
}

@article{newton2009monte,
    title = {Monte Carlo tennis: A stochastic Markov chain model},
    author = {Newton, Paul K and Aslam, Kamran},
    journal = {Journal of Quantitative Analysis in Sports},
    volume = {5},
    number = {3},
    year = {2009}
}

@article{hejdusek2007diplomka,
    title = {Matematické metody pro modelování a
predikci výsledků sportovních utkání},
    author = {Hejdůšek, M.},
    journal = {Diplomová práce, ČVUT FJFI},
    year = {2007},
    publisher = {ČVUT FJFI}
}

@inproceedings{hunter2009can,
    title = {Can Markov models accurately simulate lawn tennis rallies?},
    author = {Gordon J.A. Hunter and Krzysztof Zienowicz},
    booktitle = {Proceedings of the Second International Conference on Mathematics in Sport},
    volume = {1},
    pages = {69--75},
    year = {2009},
    organization = {Univ. of Groningen, NL}
}

@techreport{andvel2005zaklady,
    title = {Z{\'a}klady matematick{\'e} statistiky. 2., Praha: Matfyzpress},
    author = {And{\v{e}}l, Ji{\v{r}}{\'\i}},
    year = {2005},
    institution = {ISBN 80-86732-40-1}
}

@book{kelley2003solving,
    title = {Solving nonlinear equations with Newton's method},
    author = {Kelley, Carl T},
    volume = {1},
    year = {2003},
    publisher = {Siam}
}

@inproceedings{demel2011operacni,
    author = {Jiří Demel},
    title = {Operační výzkum [online]},
    publisher = {Czech Technical University in Prague},
    year = {2011},
    note = {[Accesed: 30-9-2014]. Available at: http://kix.fsv.cvut.cz/~demel/ped/ov/ov.pdf}
}





@article{vajda1995information,
    title = {Information-Theoretic Methods in Statistics},
    author = {Igor Vajda},
    year = {1995},
    publisher = {Academy of Sciences of the Czech Republic}
}
@InProceedings{dziedzic2015predicting,
    author = {Dziedzic, Edyta and Hunter, Gordon},
    title = {Proceedings of the 5th International Conference on Mathematics in Sport},
    booktitle = {Predicting the Results of Tennis and Volleyball Matches Using Regression Models, and Applications to Gambling Strategies},
    year = {2015},
    editor = {Kay Anthony},
    pages = {32-37},
    organization = {Univ. of Loughborough, GB}
}

@Misc{essa2016report,
    author = {European Sports Security Association},
    title = {ESSA Q2 2016 INTEGRITY REPORT},
    howpublished = {http://www.eu-ssa.org/wp-content/uploads/Draft-ESSA-Q2-2016.pdf},
    year = {2016},
    note = {Accessed: 2016-09-30},
}

@Misc{essa2018report,
    author = {European Sports Security Association},
    title = {ESSA Q2 2018 INTEGRITY REPORT},
    howpublished = {http://www.eu-ssa.org/wp-content/uploads/ESSA-Q2-2018-Integrity-report.pdf},
    year = {2018},
    note = {Accessed: 2018-12-30},
}

@Article{barnett2005combining,
    author = {Barnett, Tristan and Clarke, Stephen R},
    title = {Combining player statistics to predict outcomes of tennis matches},
    journal = {IMA Journal of Management Mathematics},
    year = {2005},
    volume = {16},
    number = {2},
    pages = {113--120},
    publisher = {IMA},
}

@Article{spanias2012predicting,
    author = {Spanias, Demetris and Knottenbelt, William J},
    title = {Predicting the outcomes of tennis matches using a low-level point model},
    journal = {IMA Journal of Management Mathematics},
    year = {2012},
    pages = {dps010},
    publisher = {IMA},
}

@InProceedings{reade2013using,
    author = {Reade, J James and Akie, Sachiko and others},
    title = {Using forecasting to detect corruption in international football},
    booktitle = {Proceedings of the 4th International Conference on Mathematics in Sport},
    year = {2013},
}

@InProceedings{kovalchik2015comparative,
    author = {Kovalchik, Stephanie A.},
    title = {Proceedings of the 5th International Conference on Mathematics in Sport},
    booktitle = {Comparative performance of models to forecast match wins in professional tennis: Is there a GOAT for tennis prediction?},
    year = {2015},
    editor = {Kay Anthony},
    pages = {91-96},
    organization = {Univ. of Loughborough, GB}
}

@Article{boulier1999sports,
    author = {Boulier, Bryan L and Stekler, Herman O},
    title = {Are sports seedings good predictors?: an evaluation},
    journal = {International Journal of Forecasting},
    year = {1999},
    volume = {15},
    number = {1},
    pages = {83--91},
    publisher = {Elsevier},
}

@Article{del2010differences,
    author = {Del Corral, Julio and Prieto-Rodriguez, Juan},
    title = {Are differences in ranks good predictors for Grand Slam tennis matches?},
    journal = {International Journal of Forecasting},
    year = {2010},
    volume = {26},
    number = {3},
    pages = {551--563},
    publisher = {Elsevier},
}

@Article{gilsdorf2008testing,
    author = {Gilsdorf, Keith F and Sukhatme, Vasant A},
    title = {Testing Rosen's Sequential Elimination Tournament Model Incentives and Player Performance in Professional Tennis},
    journal = {Journal of Sports Economics},
    year = {2008},
    volume = {9},
    number = {3},
    pages = {287--303},
    publisher = {Sage Publications},
}

@Article{klaassen2003forecasting,
    author = {Klaassen, Franc JGM and Magnus, Jan R},
    title = {Forecasting the winner of a tennis match},
    journal = {European Journal of Operational Research},
    year = {2003},
    volume = {148},
    number = {2},
    pages = {257--267},
    publisher = {Elsevier},
}

@article{hable2004robust,
    title = {Robust parameters in automated diagnosis of melanoma},
    author = {Hable, K.},
    journal = {Master's thesis},
    year = {2004},
    publisher = {Upper Austria University of Applied Sciences}
}

@article{ja2013skin,
    title = {Skin Disease Recognition Using Image Processing},
    author = {Kouřim, T.},
    journal = {Výzkumný úkol, ČVUT FJFI},
    year = {2013},
    publisher = {ČVUT FJFI}
}

@inproceedings{ja2014ddny,
    title = {Markov Chain Testing with Application in Tennis Match Outcomes},
    author = {Tomáš Kouřim},
    booktitle = {Proceedings of Doktorandské dny FJFI},
    pages = {101--110},
    year = {2014},
    publisher = {Czech Technical University in Prague},
    url = {https://km.fjfi.cvut.cz/ddny/historie/historie/14-sbornik.pdf},
    ISBN = {978-80-01-05605-9},
    note = {Available at https://km.fjfi.cvut.cz/ddny/historie/historie/14-sbornik.pdf}
}

@inproceedings{ja2015ddny,
    author = {Tomáš Kouřim},
    title = {Mathematical Models of Tennis Matches Applied on Real Life Odds},
    booktitle = {Proceedings of Doktorandské dny FJFI},
    pages = {83--91},
    year = {2015},
    publisher = {Czech Technical University in Prague},
    url = {https://km.fjfi.cvut.cz/ddny/historie/historie/15-sbornik.pdf},
    note = {Available at https://km.fjfi.cvut.cz/ddny/historie/historie/15-sbornik.pdf}
}

@inproceedings{ja2016ddny,
    author = {Tomáš Kouřim},
    title = {Predicting tennis match outcomes using logistic regression},
    booktitle = {Proceedings of Doktorandské dny FJFI},
    pages = {65--73},
    year = {2016},
    publisher = {Czech Technical University in Prague},
    url = {https://km.fjfi.cvut.cz/ddny/historie/historie/16-sbornik.pdf},
    note = {Available at https://km.fjfi.cvut.cz/ddny/historie/historie/16-sbornik.pdf}
}

@inproceedings{ja2017ddny,
    author = {Tomáš Kouřim},
    title = {Random walks with varying transition probabilities},
    booktitle = {Proceedings of Doktorandské dny FJFI},
    pages = {141--149},
    year = {2017},
    publisher = {Czech Technical University in Prague},
    url = {https://km.fjfi.cvut.cz/ddny/historie/17-sbornik.pdf},
    note = {Available at https://km.fjfi.cvut.cz/ddny/historie/historie/17-sbornik.pdf}
}

@article{ja2019teze,
    title = {Statistical Analysis, Modeling and Applications of Random Processes with Memory},
    author = {Tomáš Kouřim},
    journal = {PhD Thesis Study, ČVUT FJFI},
    year = {2019},
    publisher = {ČVUT FJFI},
    url = {https://tomaskourim.com/publications/2019{\_}rand{\_}proc{\_}w{\_}memory.pdf},
	note = {Available at https://tomaskourim.com/publications/2019{\_}rand{\_}proc{\_}w{\_}memory.pdf}
}

@article{pearson1905problem,
    title = {The problem of the random walk},
    author = {Pearson, Karl},
    journal = {Nature},
    volume = {72},
    number = {1865},
    pages = {294},
    year = {1905}
}

@book{spitzer2013principles,
    title = {Principles of random walk},
    author = {Spitzer, Frank},
    volume = {34},
    year = {2013},
    publisher = {Springer Science \& Business Media}
}

@article{rudnicki1999random,
    title = {Random walk with memory},
    author = {Rudnicki, Ryszard and Wolf, Marek},
    journal = {Journal of Mathematical Physics},
    volume = {40},
    number = {6},
    pages = {3072--3083},
    year = {1999},
    publisher = {AIP}
}

@article{turban2010random,
    title = {On a random walk with memory and its relation with Markovian processes},
    author = {Turban, Lo{\"\i}c},
    journal = {Journal of Physics A: Mathematical and Theoretical},
    volume = {43},
    number = {28},
    pages = {285006},
    year = {2010},
    publisher = {IOP Publishing},
	note = {MR2658904}
}

@Article{volf2000reliability,
    author = {VOLF, PETR and LINKA, ALE{\v{S}}},
    title = {On Reliability of System Composed of Parallel units subject to increasing load},
    journal = {International Journal of Reliability, Quality and Safety Engineering},
    year = {2000},
    volume = {7},
    number = {04},
    pages = {271--284},
    publisher = {World Scientific},
}

@Article{volf2004application,
    author = {Volf, Petr},
    title = {An application of nonprarametric Cox regression model in reliability analysis: a case study},
    journal = {Kybernetika},
    year = {2004},
    volume = {40},
    number = {5},
    pages = {639--648},
    publisher = {Institute of Information Theory and Automation AS CR},
}

@Article{volf2009random,
    author = {Volf, Petr},
    title = {A random point process model for the score in sport matches},
    journal = {IMA Journal of Management Mathematics},
    year = {2009},
    volume = {20},
    number = {2},
    pages = {121--131},
    publisher = {OUP},
}

@Article{nguyen1984estimation,
    author = {Nguyen, HT and Rogers, GS and Walker, EA},
    title = {Estimation in change-point hazard rate models},
    journal = {Biometrika},
    year = {1984},
    volume = {71},
    number = {2},
    pages = {299--304},
    publisher = {Oxford University Press},
}

@Article{fahrmeir19979,
    author = {Fahrmeir, Ludwig and Knorr-Held, Leonhard},
    title = {9. Dynamic Discrete-Time Duration Models: Estimation Via Markov Chain Monte Carlo},
    journal = {Sociological Methodology},
    year = {1997},
    volume = {27},
    number = {1},
    pages = {417--452},
    publisher = {SAGE Publications Sage CA: Los Angeles, CA},
}

@article{kozma2012reinforced,
    title = {Reinforced random walk},
    author = {Kozma, Gady},
    journal = {arXiv preprint arXiv:1208.0364},
    year = {2012}
}

@Book{PRASKOVA1998procesy1,
    title = {Základy náhodných procesů},
    publisher = {Praha: Karolinum},
    year = {1998},
    author = {Prášková, Zuzana and Lachout, Petr},
    isbn = {80-7184-688-0},
}
@Book{ross1996stochastic,
    title = {Stochastic processes. 1996},
    author = {Ross, Sheldon M.},
    year = {1996},
    publisher = {Wiley, New York}
}

@book{grinstead2012introduction,
    title = {Introduction to probability},
    author = {Grinstead, Charles Miller and Snell, James Laurie},
    year = {2012},
    publisher = {American Mathematical Soc.}
}


@article{schutz2004elephants,
    title = {Elephants can always remember: Exact long-range memory effects in a non-Markovian random walk},
    author = {Sch{\"u}tz, Gunter M. and Trimper, Steffen},
    journal = {Physical Review E},
    volume = {70},
    number = {4},
    pages = {045101},
    year = {2004},
    publisher = {APS}
}

@Misc{mf2017report,
    author = {Ministry of Finance of the Czech Republic},
    title = {Hazard games overview for 2017},
    howpublished = {https://www.mfcr.cz/cs/soukromy-sektor/hazardni-hry/archiv-zakon-c-202-1990-sb/vysledky-z-provozovani/2017/hodnoceni-vysledku-provozovani-loterii-2016-32211},
    year = {2018},
    note = {Accessed: 2019-01-23},
}

@phdthesis{alkali2005generalised,
    title = {Generalised proportional intensities models (GPIM) for reliability analysis},
    author = {Alkali, BM and others},
    year = {2005},
    school = {University of Salford}
}

@Misc{saza2019herni,
    author = {SAZKA a.s.},
    title = {Herní plán loterií SAZKA},
    howpublished = {https://www.sazka.cz/SazkaWeb/media/content/Herni%20plany/HPloterii-SAZKA-190110_0903.pdf},
    year = {2019},
    note = {Accessed: 2019-01-23},
}

@article{wei1989regression,
    title = {Regression analysis of multivariate incomplete failure time data by modeling marginal distributions},
    author = {Wei, Lee-Jen and Lin, Danyu Y and Weissfeld, Lisa},
    journal = {Journal of the American statistical association},
    volume = {84},
    number = {408},
    pages = {1065--1073},
    year = {1989},
    publisher = {Taylor \& Francis Group}
}

@article{christer1984operational,
    title = {An operational research approach to planned maintenance: modelling PM for a vehicle fleet},
    author = {Christer, AH and Waller, WM},
    journal = {Journal of the Operational Research Society},
    volume = {35},
    number = {11},
    pages = {967--984},
    year = {1984},
    publisher = {Springer}
}

@article{jack2002new,
    title = {A new preventive maintenance strategy for items sold under warranty},
    author = {Jack, Nat and Murthy, DNP},
    journal = {IMA Journal of Management Mathematics},
    volume = {13},
    number = {2},
    pages = {121--129},
    year = {2002},
    publisher = {OUP}
}

@article{cox1966statistical,
    title = {The statistical analysis of series of events},
    author = {Cox, DR and Lewis, PAWL},
    year = {1966},
    publisher = {John Wiley and Sons}
}

@book{meeker2014statistical,
    title = {Statistical methods for reliability data},
    author = {Meeker, William Q and Escobar, Luis A},
    year = {2014},
    publisher = {John Wiley \& Sons}
}

@article{percy2007scheduling,
    title = {Scheduling preventive maintenance for oil pumps using generalized proportional intensities models},
    author = {Percy, David F and Alkali, Babakalli M},
    journal = {International Transactions in Operational Research},
    volume = {14},
    number = {6},
    pages = {547--563},
    year = {2007},
    publisher = {Wiley Online Library}
}

@article{percy1998using,
    title = {Using proportional-intensities models to schedule preventive-maintenance intervals},
    author = {Percy, DF and Kobbacy, KAH and Ascher, HE},
    journal = {IMA Journal of Management Mathematics},
    volume = {9},
    number = {3},
    pages = {289--302},
    year = {1998},
    publisher = {OUP}
}

@article{pulcini2000overhaul,
    title = {On the overhaul effect for repairable mechanical units: a Bayes approach},
    author = {Pulcini, Gianpaolo},
    journal = {Reliability Engineering \& System Safety},
    volume = {70},
    number = {1},
    pages = {85--94},
    year = {2000},
    publisher = {Elsevier}
}

@article{lindqvist2003trend,
    title = {The trend-renewal process for statistical analysis of repairable systems},
    author = {Lindqvist, Bo Henry and Elvebakk, Georg and Heggland, Knut},
    journal = {Technometrics},
    volume = {45},
    number = {1},
    pages = {31--44},
    year = {2003},
    publisher = {Taylor \& Francis}
}

@article{novak2015regression,
    title = {Regression Models for Repairable Systems},
    author = {Nov{\'a}k, Petr},
    journal = {Methodology and Computing in Applied Probability},
    volume = {17},
    number = {4},
    pages = {963--972},
    year = {2015},
    publisher = {Springer}
}

@article{dorado1997nonparametric,
    title = {Nonparametric estimation for a general repair model},
    author = {Dorado, Crisanto and Hollander, Myles and Sethuraman, Jayaram},
    journal = {The Annals of Statistics},
    pages = {1140--1160},
    year = {1997},
    publisher = {JSTOR}
}

@article{kijima1989some,
    title = {Some results for repairable systems with general repair},
    author = {Kijima, Masaaki},
    journal = {Journal of Applied probability},
    volume = {26},
    number = {1},
    pages = {89--102},
    year = {1989},
    publisher = {Cambridge University Press}
}

@book{barlow1996mathematical,
    title = {Mathematical theory of reliability},
    author = {Barlow, Richard E and Proschan, Frank},
    volume = {17},
    year = {1996},
    publisher = {Siam}
}

@article{cox1972regression,
    title = {Regression models and life-tables},
    author = {Cox, David R},
    journal = {Journal of the Royal Statistical Society: Series B (Methodological)},
    volume = {34},
    number = {2},
    pages = {187--202},
    year = {1972},
    publisher = {Wiley Online Library}
}

@article{cox1975partial,
    title = {Partial likelihood},
    author = {Cox, David R},
    journal = {Biometrika},
    volume = {62},
    number = {2},
    pages = {269--276},
    year = {1975},
    publisher = {Oxford University Press}
}

@article{andersen1982cox,
    title = {Cox's regression model for counting processes: a large sample study},
    author = {Andersen, Per Kragh and Gill, Richard David},
    journal = {The annals of statistics},
    pages = {1100--1120},
    year = {1982},
    publisher = {JSTOR}
}

@book{kalbfleisch2011statistical,
    title = {The statistical analysis of failure time data},
    author = {Kalbfleisch, John D and Prentice, Ross L},
    volume = {360},
    year = {2011},
    publisher = {John Wiley \& Sons}
}

@article{prentice1981regression,
    title = {On the regression analysis of multivariate failure time data},
    author = {Prentice, Ross L and Williams, Benjamin J and Peterson, Arthur V},
    journal = {Biometrika},
    volume = {68},
    number = {2},
    pages = {373--379},
    year = {1981},
    publisher = {Oxford University Press}
}

@book{pravskova2016zaklady,
    title = {Základy náhodných procesů II},
    author = {Pr{\'a}{\v{s}}kov{\'a} , Zuzana},
    year = {2016},
    publisher = {Charles University in Prague, Karolinum Press}
}

@book{billingsley1995probability,
    title = {Probability and measure},
    author = {Billingsley, Patrick},
    year = {1995},
    publisher = {John Wiley \& Sons}
}

@Misc{pac2019report,
    author = {Physical Activity Council},
    title = {2019 Physical Activity Council's Overview Report on U.S. Participation},
    howpublished = {www.physicalactivitycouncil.com/pdfs/current.pdf},
    year = {2019},
    note = {Accessed: 2019-05-12},
}

@Misc{essa2018fullreport,
    author = {European Sports Security Association},
    title = {ESSA 2018 ANNUAL INTEGRITY REPORT},
    howpublished = {http://www.eu-ssa.org/wp-content/uploads/ESSA-2018-Annual-Integrity-Report.pdf},
    year = {2018},
    note = {Accessed: 2019-05-12},
}

@article{hawkes1971spectra,
    title = {Spectra of some self-exciting and mutually exciting point processes},
    author = {Hawkes, Alan G.},
    journal = {Biometrika},
    volume = {58},
    number = {1},
    pages = {83--90},
    year = {1971},
    publisher = {Oxford University Press},
	note = {MR0278410}
}

@article{ja2019imam,
    title = {Tennis Match as Random Walk with Memory: Application to Grand Slam Matches Modelling},
    author = {Kouřim, Tomáš and Volf, Petr},
    journal = {Submitted to IMA Journal of Management Mathematics},
    year = {2019}
}

@article{ja2019apmat,
    title = {Discrete random processes with memory: Models and applications},
    author = {Kouřim, Tomáš and Volf, Petr},
    journal = {Applications of Mathematics},
    volume = {65},
    pages = {271--286},
    year = {2020},
    ISSN = {0862-7940},
    editor = {Kalina, Jan and Jurečková, Jana},
    publisher = {Institute of Mathematics, Czech Academy of Sciences}
}

@article{feller1957introduction,
    title = {An introduction to probability theory and its applications},
    author = {Feller, William},
    journal = {1957},
    note = {MR0088081}
}

@book{rossi2018mathematical,
    title = {Mathematical Statistics: An Introduction to Likelihood Based Inference},
    author = {Rossi, Richard J.},
    year = {2018},
    publisher = {John Wiley \& Sons}
}

@incollection{akaike1974new,
    title = {A new look at the statistical model identification},
    author = {Akaike, Hirotugu},
    booktitle = {Selected Papers of Hirotugu Akaike},
    pages = {215--222},
    year = {1974},
    publisher = {Springer}
}

@article{davis2012theory,
    title = {Theory and inference for a class of observation-driven models with application to time series of counts},
    author = {Davis, Richard A. and Liu, Heng},
    journal = {Statistica Sinica},
    volume = {26},
    pages = {1673--1707},
    year = {2016},
	note = {MR3586234}
}

@inproceedings{ja2019mathsport_proc,
    title = {Random Walks with Memory Applied to Grand Slam Tennis Matches Modeling},
    author = {Kouřim, Tomáš},
    booktitle = {Proceedings of MathSport International 2019 Conference (e-book)},
    pages = {220--227},
    year = {2019},
    publisher = {Propobos Publications},
    ISBN = {978-618-5036-53-9}
}

@inproceedings{ja2020smtda_proc,
    title = {A model of random walk with varying transition probabilities},
    author = {Kouřim, Tomáš},
    booktitle = {Proceedings of the 6th Stochastic Modeling Techniques and Data Analysis International Conference with Demographics Workshop},
    pages = {319--331},
    year = {2020},
    publisher = {ISAST: International Society for the Advancement of Science and Technology.},
    editor = {Christos H Skiadas},
}

@Comment{jabref-meta: databaseType:bibtex;}
